%%%%%%%%%%%%%%%%%%%%%%%%%%%%%%%%
% DIX REFERENCES
%%%%%%%%%%%%%%%%%%%%%%%%%%%%%%%

%  Ramduny, D. (2002) "Frameworks for Enhancing Temporal Interface Behaviour through Software Architectural Design", PhD thesis Staffordshire University, UK.

Alan Dix, Andrew Howes, Stephen Payne (2003)
Post-web cognition: evolving knowledge strategies for global information environments International Journal of Web Engineering Technology, Vol. 1, No. 1, 2003 (in press). 
abstract and draft paper 

A. Dix, J. Marshall (2003).
At the right time: when to sort web history and bookmarks. In Proceedings of Human Computer Interaction, International 2003.
Lawrence Erlbaum Associates, 2003. (to be published)
extended abstract 

the ultimate interface and the sums of life?.
Interfaces, no 50, Spring 2002. pp. 16
article (html) 

Managing the Ecology of Interaction. Proceedings of Tamodia 2002 - First International Workshop on Task Models and User Interface Design, Bucharest, Romania, 18-19 July 2002
extended abstract || draft paper (PDF, 98K) 


@article{355325,
 author = {Alan Dix and Tom Rodden and Nigel Davies and Jonathan Trevor and Adrian Friday and Kevin Palfreyman},
 title = {Exploiting space and location as a design framework for interactive mobile systems},
 journal = {ACM Transactions on Computer-Human Interaction (TOCHI)},
 volume = {7},
 number = {3},
 year = {2000},
 pages = {285--321},
 doi = {http://doi.acm.org/10.1145/355324.355325},
 publisher = {ACM Press},
 }


% Alan Dix, Julie Wilkinson, Devina Ramduny (1998).
Redefining Organisational Memory - artefacts, and the distribution and coordination of work, Workshop on Understanding work and designing artefacts, York, 21st September 1998. extended abstract


% A. Dix, D. Ramduny and J. Wilkinson (1998). 
Interaction in the Large,  Interacting with Computers - Special Issue on Temporal Aspects of Usability, John Fabre and Steve Howard (eds). 11(1) pp. 9-32.  abstract || full paper


@book{dix:97,
 author = {Alan Dix and Janet Finlay and Gregory Abowd and Russell Beale},
 title = {Human-computer interaction},
 year = {1997},
 publisher = {Prentice-Hall, Inc.},
}
% Dix, A., Finlay, J., Abowd, G., and Beale, R., "Human-Computer Interaction", published by Prentice Hall Europe, Second Edition, 1998.