% %%%%%%%%%
% MY REFS
% %%%%%%%%%




%%%%%%%%%%%%%
% CHI 2000
%%%%%%%%%%%%%
@inproceedings{rpb:00,
 author = {Richard Boardman},
 title = {Bubble trees the visualization of hierarchical information structures},
 booktitle = {CHI '00 extended abstracts on Human factors in computer systems},
 year = {2000},
 pages = {315--316},
 location = {The Hague, The Netherlands},
 doi = {http://doi.acm.org/10.1145/633292.633484},
 publisher = {ACM Press},
 }
% Boardman, R., Bubble trees: visualization of hierarchical information trees, in Extended Abstracts of ACM CHI'00 Conference on Human Factors in Computing Systems, ACM Press, The Hague, 2000.




%%%%%%%%%%%%%
% OZCHI2000
%%%%%%%%%%%%%
% Boardman, R., Activity-centric social navigation, in Proceedings of Ozchi 2000, Volume 2, Sydney, 2000. 



%%%%%%%%%%%%
% CHI 2001
%%%%%%%%%%%%
@inproceedings{rpb:01a,
 author = {Richard Boardman},
 title = {Multiple hierarchies in user workspace},
 booktitle = {CHI '01 extended abstracts on Human factors in computer systems},
 year = {2001},
 pages = {403--404},
 location = {Seattle, Washington},
 doi = {http://doi.acm.org/10.1145/634067.634304},
 publisher = {ACM Press},
 }
% Boardman, R., "Multiple Hierarchies in user workspace", in Extended abstracts of ACM CHI 2001 Conference on Human Factors in Computing Systems, ACM Press, New York, p. 403-4, 2001.




%%%%%%%%%%%%%%%%%
% INTERACT 2001
%%%%%%%%%%%%%%%%%
@inproceedings{rpb:01b,
 author = {Richard Boardman},
 title = {Category overlap between hierarchies in user workspace},
 booktitle = {Interact 2001, the Eighth IFIP TC 13 International Conference on Human-Computer Interaction},
 year = {2001},
 location = {Tokyo, Japan},
 }
% Boardman, R., "Category overlap between hierarchies in user workspace", in Proceedings of Interact 2001, Tokyo, Japan, 2001.





%%%%%%%%%%%%%%
% TRANSFER
%%%%%%%%%%%%%%%
@techreport{rpb:01c,
 author = {Richard Boardman},
 title = {An Investigation of Unified Personal Information Management},
 institution = {unpublished MPhil to PhD Transfer Report, Department of Electrical and Electronic Enegineering, Imperial College},
 year = {2001},
}
% Boardman, R., An Investigation of Unified Personal Information Management, unpublished MPhil to PhD Transfer Report, Department of Electrical and Electronic Enegineering, Imperial College, 2001 





%%%%%%%%%%%%%
% HCI2002
%%%%%%%%%%%%%
@inproceedings{rpb:02a,
 author = {Richard Boardman},
 title = {Workspaces that work: towards unified personal information management},
 booktitle = {Proceedings of HCI2002, People and Computers XVI - Memorable yet Invisible, Volume 2},
 year = {2002},
 location = {London, UK},
 }
% Boardman, R., Workspaces that work: towards unified personal information management, presented at the HCI2002 Doctoral Consortium, in Proceedings of HCI2002, People and Computers XVI - Memorable yet Invisible, Volume 2, 216-7, London, 2002.





%%%%%%%%%%%%%
% HCT2002
%%%%%%%%%%%%%
@inproceedings{rpb:02b,
 author = {Richard Boardman},
 title = {Workspaces that work: the need for integrated personal information management},
 booktitle = {Proceedings of the Sixth Human Centred Technology Postgraduate Workshop},
 year = {2002},
 location = {Brighton, UK},
 }
% Boardman, R., Workspaces that work: the need for integrated personal information management, in Proceedings of the Sixth Human Centred Technology Postgraduate Workshop, University of Sussex, 2002. 




%%%%%%%%%%%%%
% CSCW2002
%%%%%%%%%%%%%
@inproceedings{rpb:02c,
 author = {Richard Boardman and Robert Spence and Martina. A. Sasse},
 title = {Life Beyond the Mailbox: A Cross-Tool Perspective on Personal Information Management},
 booktitle = {CSCW 2002 Workshop: Redesigning Email for the 21st Century},
 year = {2002},
 location = {New Orleans, Louisiana},
 }
% Boardman, R., Sasse, M.A. and Spence, R., Life Beyond the Mailbox: A Cross-Tool Perspective on Personal Information Management, presented at CSCW 2002 Workshop: Redesigning Email for the 21st Century.



%%%%%%%%%%%%%%%%%%%%%%%%%%%
% HCI International 2003
%%%%%%%%%%%%%%%%%%%%%%%%%%%
@inproceedings{rpb:03a,
 author = {Richard Boardman and Robert Spence and Martina. A. Sasse},
 title = {Too Many Hierarchies? The Daily Struggle for Control of the Workspace},
 booktitle = {Proceedings of Human-Computer Interaction International 2003},
 publisher = {Lawrence Erlbaum Associates},
 year = {2003},
 location = {Crete, Greece},
}
% Boardman, R., Spence, R., and Sasse, M.A., Too Many Hierarchies? The Daily Struggle for Control of the Workspace, paper accepted for publication at HCI International '03, June 2003 

%%%%%%%%%%%%%
% CHI 2004: PAPER
%%%%%%%%%%%%%
@inproceedings{rpb:04a,
 author = {Richard Boardman and Martina. A. Sasse},
 title = {``{S}tuff goes into the computer and doesn't come out'' A Cross-tool Study of Personal Information Management},
 booktitle = {Proceedings of CHI 2004},
 publisher = {ACM Press},
 year = {2004},
 location = {Vienna, Austria},
}
% Boardman, R and Sasse, M.A., "Stuff goes into the computer and doesn't come out": A Cross-tool Study of Personal Information Management, Accepted for publication in Proceedings of CHI 2004, ACM Conference on Human Factors in Computing Systems, CHI Letters 6(1), 2004. 

%%%%%%%%%%%%%
% CHI 2004: SIG
%%%%%%%%%%%%%
@inproceedings{rpb:04b,
 author = {Ofer Bergman and Richard Boardman and Jacek Gwizdka and William Jones},
 title = {Personal Information Management {SIG}},
 booktitle = {Extended Abstracts of CHI 2004},
 publisher = {ACM Press},
 year = {2004},
 location = {Vienna, Austria},
}
