%%%%%%%%%%%%%%%%%%%%%%%%%%%%
% PIM/EVALUATION REFERENCES
%%%%%%%%%%%%%%%%%%%%%%%%%%%%
% TODO: parse field eval stuff!










%%%%%%%%%%%%%%%%%
%%%%%%%%%%%%%%%%%
%%%%%%%%%%%%%%%%%
% METHODS
%%%%%%%%%%%%%%%%%
%%%%%%%%%%%%%%%%%
%%%%%%%%%%%%%%%%%

%%%%%%%%%%%%%%%%%%%%%%%%%%%%%%%%%%%%%%%%%
% CARROLL - argues for triangulation
%%%%%%%%%%%%%%%%%%%%%%%%%%%%%%%%%%%%%%%%%
@inproceedings{jc-eval:99,
 author = {Dennis C. Neale, John M. Carroll},
 title = {Multi-faceted Evaluation for Complex, Distributed Activities},
 booktitle = {Proceedings of the Computer Support for Collaborative Learning (CSCL) 1999 Conference},
 year = {1999},
 location = {Stanford University, Palo Alto, California},
 publisher = {Lawrence Erlbaum Associates},
 }
%Dennis C. Neale, John M. Carroll
%Multi-faceted Evaluation for Complex, Distributed Activities, In Proceedings of the Computer Support for Collaborative Learning (CSCL) 1999 Conference, C. Hoadley & J. Roschelle (Eds.) Dec. 12-15, Stanford University, Palo Alto, California. Mahwah, NJ: Lawrence Erlbaum Associates. http://kn.cilt.org/cscl99/A53/A53.HTM



%%%%%%%%%%%
% DILLON
%%%%%%%%%%%
@article{ad:01,
  author = {Andrew Dillon},
  title = {Beyond usability: process, outcome, and affect in {HCI}},
  year = 2001,
  journal = {Canadian Journal of Information Science},
  volume = {26},
  number = {4},
  pages = {57--69},
}
% Dillon, A., Beyond usability: process, outcome, and affect in HCI, Canadian Journal of Information Science, 26,4,57-69
% used by schraefel

%%%%%%%%%%%%%%%%%%%
% Hertzum etc.
%%%%%%%%%%%%%%%%%%%
@inproceedings{332455,
 author = {Erik Frøkjær and Morten Hertzum and Kasper Hornbæk},
 title = {Measuring usability: are effectiveness, efficiency, and satisfaction really correlated?},
 booktitle = {Proceedings of the SIGCHI conference on Human factors in computing systems},
 year = {2000},
 pages = {345--352},
 location = {The Hague, The Netherlands},
 doi = {http://doi.acm.org/10.1145/332040.332455},
 publisher = {ACM Press},
 }
% Frøkjær, E.; Hertzum, M.; Hornbæk, K., Measuring usability: Are effectiveness, efficiency, and satisfaction really correlated?. In: Conference proceedings. Conference on human factors in computing systems (CHI 2000), p. 345-352


%%%%%%%%%%%%%%
% Lindgaard
%%%%%%%%%%%%%%
% Lindgaard, G. & Dudek, C. (2002). What is this evasive beast we call user satisfaction?, Interacting with Computers, in press.
% http://www.carleton.ca/~glindgaa/


%%%%%%%%%%%%%%%%%%%%%%%%%%%%%%
% ROBSON - EXPERIMENT DESIGN
%%%%%%%%%%%%%%%%%%%%%%%%%%%%%%

%%%%%%%%%%%%%%%%%%%%%
% SUMI QUESTIONAIRE
%%%%%%%%%%%%%%%%%%%%%


%%%%%%%%%%%%%%
% CHECK OUT
%%%%%%%%%%%%%%
% Wilson, K. Evaluating information Exploration Interfaces, position paper for Workshop on Innovation in Information Exploration Envir6nments, CHI'98 Conference on Human Factors in Computing Systems, httD://www, fxD al. co m/CHI98 IE/. 
%
% Maria Ebling, Bonnie E. John: On the Contributions of Different Empirical Data in Usability Testing. Symposium on Designing Interactive Systems 2000: 289-296 content analysis used in evaluation of a distributed file system
%
% Newman W. M. and Taylor A. S. (1999) Towards a Methodology employing Critical Parameters to deliver Performance Improvements in Interactive Systems. Human Computer Interaction Interact '99, pp. 605-612.
%
% Gray W. & Salzman, M. (1998). Damaged merchandise? A review of experiments that compare usability evaluation methods. Human Computer Interaction, 13 , 203-262.
%
% Walker et al, Computer Speech and Language, 12 (1998)
% Argue for dominance of satisfaction metric.







%%%%%%%%%%%%%%%%%
%%%%%%%%%%%%%%%%%
%%%%%%%%%%%%%%%%%
% PIM-RELATED EVALS
%%%%%%%%%%%%%%%%%
%%%%%%%%%%%%%%%%%
%%%%%%%%%%%%%%%%%


%%%%%%%%%%%%%%%%%%%%
% ADAPTIVE/AGENTS
%%%%%%%%%%%%%%%%%%%%
% Ruvini etal
%
% Segal and Kephart 1999, Mailcat - automatic classification accuracy
% Aberg and Shahmeri, Human Web Assistants, CHI2001



%%%%%%%%%%%%%
% GWIZDKA
%%%%%%%%%%%%%
% email/task viz eval
% Gwizdka 2001 - TaskView vs standard inbox  - "Efficiency" of finding messages

%%%%%%%%%%%
% Lansdale
%%%%%%%%%%%


%%%%%%%%%%%%%%%%%%
% Microsoft Stuff
%%%%%%%%%%%%%%%%%%
% Windows 95 paper
% Windows XP propaganda



%%%%%%%%%%%%%%%%%%%%%%%%%%%%
% RODDEN - Field Trial Eval
%%%%%%%%%%%%%%%%%%%%%%%%%%%%
% K. Rodden and K. Wood, How do People Manage Their Digital Photographs?, ACM Conference on Human Factors in Computing Systems (ACM CHI 2003), Fort Lauderdale, April 2003.
% http://www.rodden.org/kerry/publications.html



%%%%%%%%%%%%%%%%%%%%%%
% Spatial-based PIM
%%%%%%%%%%%%%%%%%%%%%%
% Mander et al 1992
%Piles - user expectations, ability to find, comparing viewing cone representations
%
% Robertson et al 1998
%Data Mountain vs. Favorites bookmark organization - reaction time, incorrect retrievals, subjective feedback of organizing, overall 
%
%Robertson et al 2000
%Task Gallery - icon identification, user satisfaction, spatial memory - able to remember task placement?
%
%Czerwinski, M., van Dantzich, M., Robertson, G.G., Hoffman, H. The contribution of thumbnail image, mouse-over text and spatial location memory to Web page retrieval in 3D. Sasse A. & Johnson, C., Eds. HCI--Proc of Interact '99 (Edinburgh, Scotland, 1999), IOS Press, 163-170.
% name and location more important than thumbnail image
%
% Cockburn, A. and McKenzie, B, 3D Document Management, CHI2001.
`

%%%%%%%%%%%%%%%%%%%%
% TopicShop Stuff
%%%%%%%%%%%%%%%%%%%%
@inproceedings{amento:99,
 author = {Brian Amento and Will Hill and Loren Terveen and Deborah Hix and Peter Ju},
 title = {An empirical evaluation of user interfaces for topic management of Web sites},
 booktitle = {Proceedings of the SIGCHI conference on Human factors in computing systems},
 year = {1999},
 pages = {552--559},
 location = {Pittsburgh, Pennsylvania, United States},
 doi = {http://doi.acm.org/10.1145/302979.303156},
 publisher = {ACM Press},
 }
% Brian Amento , Will Hill , Loren Terveen , Deborah Hix , Peter Ju, An empirical evaluation of user interfaces for topic management of Web sites, Proceedings of the SIGCHI conference on Human factors in computing systems: the CHI is the limit, p.552-559, May 15-20, 1999, Pittsburgh, Pennsylvania, United States 
%
% NB: ref to Info foraging!!!
@inproceedings{amento:00,
 author = {Brian Amento and Loren Terveen and Will Hill and Deborah Hix},
 title = {TopicShop: enhanced support for evaluating and organizing collections of Web sites},
 booktitle = {Proceedings of the 13th annual ACM symposium on User interface software and technology},
 year = {2000},
 pages = {201--209},
 location = {San Diego, California, United States},
 doi = {http://doi.acm.org/10.1145/354401.354771},
 publisher = {ACM Press},
 }
% Brian Amento , Loren Terveen , Will Hill , Deborah Hix, TopicShop: enhanced support for evaluating and organizing collections of Web sites, Proceedings of the 13th annual ACM symposium on User interface software and technology, p.201-209, November 06-08, 2000, San Diego, California, United States 
%
% Amento, B., Terveen, L., Hill, W., Hix, D., and Schulman, R. Experiments in Social Data Mining: The TopicShop System, in ACM Transactions on Computer-Human Interaction, 10, 1 (March 2003) , 54-85. 
% http://www-users.cs.umn.edu/~terveen/bib.html


%%%%%%%%%%%%%%%%%
% Web-based PIM
%%%%%%%%%%%%%%%%%%
% mschraefer et al 2002, Hunter Gatherer WWW02
%
%Dumais, Cutrell and Chen, CHI2001, categorization of search results





%%%%%%%%%%%%%%%%%%%%%%%%%%%%%%%%%%%%%%%
% WHITTAKER - Field Trial Eval
%%%%%%%%%%%%%%%%%%%%%%%%%%%%%%%%%%%%%%%
% Steve Whittaker , Julia Hirschberg , Brian Amento , Litza Stark , Michiel Bacchiani , Philip Isenhour , Larry Stead , Gary Zamchick , Aaron Rosenberg, SCANMail: a voicemail interface that makes speech browsable, readable and searchable, Proceedings of the SIGCHI conference on Human factors in computing systems: Changing our world, changing ourselves, April 20-25, 2002, Minneapolis, Minnesota, USA 

% GET new contactmap paper (to appear)
%
%Speech Retrieval - Steve Whittaker, Julia Hirschberg, John Choi, Don Hindle, Fernando Pereira, and Amit Singhal. SCAN: Designing and Evaluating User Interfaces to Support Retrieval from Speech Archives. In SIGIR'99, pages 26-33, New York, 1999. ACM Press.
%
% and Whittaker, Hirschberg, Davis, Muller, JotMail, CHI2000.







%%%%%%%%%%%%%%%%%
%%%%%%%%%%%%%%%%%
%%%%%%%%%%%%%%%%%
% EVAL - OTHER AREAS
%%%%%%%%%%%%%%%%%
%%%%%%%%%%%%%%%%%
%%%%%%%%%%%%%%%%%


%%%%%%%%%%%%%%%%%%%%
% Adaptive Systems
%%%%%%%%%%%%%%%%%%%%%
%
%Stephan Weibelzahl, "Evaluation of Adaptive Systems ", also a poster available
%
%Weibelzahl, S. & Weber, G. (2001). A database of empirical evaluations of adaptive systems. In R. Klinkenberg, S. Rüping, A. Fick, N. Henze, C. Herzog, R. Molitor, & O. Schröder (Eds.), Proceedings of Workshop Lernen - Lehren - Wissen - Adaptivität (LLWA 01); research report in computer science nr. 763 (pp. 302-306). University of Dortmund. http://home.ph-freiburg.de/weibelza/

%%%%%%%%%%
% CSCL
%%%%%%%%%%
%
%Designs for collaborative learning environments: 
%Can specialization encourage knowledge integration? 
%Alex J. Cuthbert
%CSCL99

%Monitoring and Evaluation in Collaborative Learning Environments
%Simeon J. Simoff
%CSCL99
%http://kn.cilt.org/cscl99/A83/A83.html
%
% Carroll - see above

%%%%%%%%%%
%CSCW
%%%%%%%%%%
% Whittaker, Geelhoed, Robinson, Shared Workspaces, IJMMS, 39 (1993)
%http://www.idealibrary.com/links/doi/10.1006/imms.1993.1085/pdf


%%%%%%%%%%%%%%%%%%%%
% McGrenerere paper
%%%%%%%%%%%%%%%%%%%%
%%%%%%%%%%%%%%%%
% Software Bloat
%%%%%%%%%%%%%%%%
%McGrenere, J., and Moore, G. (2000). Are we all in the same "bloat"? Proceedings of Graphics Interface 2000. PDF File .

%McGrenere J., Baecker R. and Booth K., An evaluation of a multiple interface design solution for bloated software, Proc. of CHI'02 Conf. on Human Factors in Computing Systems (2002).

%%%%%%%%%%%%%%%%%%%%%%%%% 
% Ubiquitous Computing
%%%%%%%%%%%%%%%%%%%%%%%%%
% Workshop on Evaluation Methodologies for Ubiquitous Computing http://zing.ncsl.nist.gov/ubicomp01/


%%%%%%%%%%%%%%%%%%%%
% User Modelling
%%%%%%%%%%%%%%%%%%%%
%Brusilovsky, P., Karagianidis, C., and Sampson, D. (2001). The benefits of layered evaluation of adaptive applications and services. In: S. Weibelzahl, D. Chin and G. Weber (Eds.) Proceedings of the UM2001 Workshop on Empirical Evaluation of Adaptive Systems, Sonthofen, Germany, July 13, 2001, Freiburg, Germany: Pedagogical University of Freiburg, pp. 1-8.
%
%Chin, D. N., Crosby, M. E. (2002). ''Introduction to the Special Issue on Empirical Evaluation of User Models and User Modeling Systems.'' In User Modeling and User-Adapted Interaction, Vol. 12, No. 2/3, pp. 105-109.
%
% Chin, D. N. (2001). ''Empirical Evaluation of User Models and User-Adapted Systems.'' In User Modeling and User-Adapted Interaction, Vol. 11, No. 1/2, pp. 181-194.








