%%%%%%%%%%%%%%%%%%%%%%%%%%%%
% PIM/TECHNOLOGY REFERENCES
%%%%%%%%%%%%%%%%%%%%%%%%%%%%

% Christopher Ahlberg , Christopher Williamson , Ben Shneiderman, Dynamic queries for information exploration: an implementation and evaluation, Proceedings of the SIGCHI conference on Human factors in computing systems, p.619-626, May 03-07, 1992, Monterey, California, United States 




%%%%%%%%%%%%%%%%%%%%
% BAEZA-YATES ET AL
%%%%%%%%%%%%%%%%%%%%
@inproceedings{baezayates:00,
 author = {R. Baeza-Yates and T. Jones and G. Rawlins},
 title = {New Approaches to Information Management: Attribute-Centric Data Systems},
 booktitle = {Proceedings of the 7th International Symposium on String Processing and Information Retrieval},
 year = {2000},
 location = {La Coruña, Spain},
 publisher = {IEEE Computer Science Press},
 pages = {18--27},
 }
% Baeza-Yates, R., Jones, T. and Rawlins, G., "New Approaches to Information Management: Attribute-Centric Data Systems,'' in Proceedings of the 7th International Symposium on String Processing and Information Retrieval, La Coruña, Spain, IEEE Computer Science Press, 18-27 (Invited paper), 2000.




%%%%%%%%%%%%%
% BALTER
%%%%%%%%%%%%%

% Bälter, O., "Strategies for organising e-mail", in Thimbleby, H., O'Conaill B., and Thomas P. (editor), Proceedings of Human Computer Interaction 1997, Bristol, UK, p. 21-38, Springer, London, UK, August 1997.

% BALTER, O. 2000. Finding and reminding: Organization of information from the desktop. SIGCHI Bulletin 27, 39-45. 

%% see pim-theory
% Bälter, O., "Keystroke Level Analysis of Email Message Organization Models", in Proceedings of ACM CHI 2000 Conference on Human Factors in Computing Systems, v.1, p.105-112, 2000.

@inproceedings{ob:02,
 author = {Olle Balter and Candace L Sidner},
 title = {Bifrost inbox organizer: giving users control over the inbox},
 booktitle = {Proceedings of the second Nordic conference on Human-computer interaction},
 year = {2002},
 pages = {111--118},
 location = {Aarhus, Denmark},
 doi = {http://doi.acm.org/10.1145/572020.572034},
 publisher = {ACM Press},
 }



%%%%%%%%%%%%%%%%%%%
% BELLOTTI AND CO
%%%%%%%%%%%%%%%%%%%
@inproceedings{Bellotti:00,
 author = {Victoria Bellotti and Ian Smith},
 title = {Informing the design of an information management system with iterative fieldwork},
 booktitle = {Conference proceedings on Designing interactive systems : processes, practices, methods, and techniques},
 year = {2000},
 pages = {227--237},
 location = {New York City, New York, United States},
 doi = {http://doi.acm.org/10.1145/347642.347728},
 publisher = {ACM Press},
 }


@inproceedings{Bellotti:02a,
 author = {Victoria Bellotti and Nicolas Ducheneaut and Mark Howard and Ian Smith and Christine Neuwirth},
 title = {Innovation in extremis: evolving an application for the critical work of email and information management},
 booktitle = {Proceedings of the conference on Designing interactive systems},
 year = {2002},
 pages = {181--192},
 location = {London, England},
 doi = {http://doi.acm.org/10.1145/778712.778740},
 publisher = {ACM Press},
 }

% Bellotti, V., Ducheneaut, N., Howard, M., Neuwirth, C. and Smith, I. (2002). "Innovation in extremis: Evolving an application for the critical work of email and information management." In conference proceedings on designing interactive systems (DIS2002) (pp. 181-192). June 25-28, 2002, London, UK: ACM.

@inproceedings{Bellotti:02b,
 author = {Victoria Bellotti and Nicolas Ducheneaut and Mark Howard and Christine Neuwirth and Ian Smith and Trevor Smith},
 title = {FLANNEL: adding computation to electronic mail during transmission},
 booktitle = {Proceedings of the 15th annual ACM symposium on User interface software and technology},
 year = {2002},
 pages = {1--10},
 location = {Paris, France},
 doi = {http://doi.acm.org/10.1145/571985.571987},
 publisher = {ACM Press},
 }
% Bellotti, V., Ducheneaut, N., Howard, and Smith, I. (2002). "FLANNEL: Adding computation to electronic mail during transmission." In conference proceedings on user interface software and technology (UIST2002) (pp. 1-9). October 27-30, 2002, Paris, France.

@inproceedings{Bellotti:03,
 author = {Victoria Bellotti and Nicolas Ducheneaut and Mark Howard and Ian Smith},
 title = {Taking Email to Task: The Design and Evaluation of a Task Management Centered Email Tool},
 booktitle = {Proceedings of the SIGCHI conference on Human factors in computing systems},
 year = {2003},
 location = {Fort Lauderdale, Florida, United States},
 publisher = {ACM Press},
 }
% Taking Email to Task: The Design and Evaluation of a Task Management Centered Email Tool
% Victoria Bellotti, Palo Alto Research Center, USA; Nicolas Ducheneaut, Palo Alto Research Center, USA; Mark Howard, Palo Alto Research Center, USA; Ian Smith, Palo Alto Research Center, USA


@inproceedings{642664,
 author = {W. Keith Edwards and Victoria Bellotti and Anind K. Dey and Mark W. Newman},
 title = {The challenges of user-centered design and evaluation for infrastructure},
 booktitle = {Proceedings of the conference on Human factors in computing systems},
 year = {2003},
 pages = {297--304},
 location = {Ft. Lauderdale, Florida, USA},
 doi = {http://doi.acm.org/10.1145/642611.642664},
 publisher = {ACM Press},
 }






%%%%%%%%%%%%%%%%
% CARD and co
%%%%%%%%%%%%%%%%

@inproceedings{card:91,
 author = {Stuart K. Card and George G. Robertson and Jock D. Mackinlay},
 title = {The information visualizer, an information workspace},
 booktitle = {Proceedings of the SIGCHI conference on Human factors in computing systems},
 year = {1991},
 pages = {181--186},
 location = {New Orleans, Louisiana, United States},
 doi = {http://doi.acm.org/10.1145/108844.108874},
 publisher = {ACM Press},
 }
% Stuart K. Card , George G. Robertson , Jock D. Mackinlay, The information visualizer, an information workspace, Proceedings of the SIGCHI conference on Human factors in computing systems: Reaching through technology, p.181-186, April 27-May 02, 1991, New Orleans, Louisiana, United States 

@inproceedings{card:96,
 author = {Stuart K. Card and George G. Robertson and William York},
 title = {The WebBook and the Web Forager: an information workspace for the World-Wide Web},
 booktitle = {Proceedings of the SIGCHI conference on Human factors in computing systems},
 year = {1996},
 pages = {111--ff.},
 location = {Vancouver, British Columbia, Canada},
 doi = {http://doi.acm.org/10.1145/238386.238446},
 publisher = {ACM Press},
 }
% Stuart K. Card , George G. Robertson , William York, The WebBook and the Web Forager: an information workspace for the World-Wide Web, Proceedings of the SIGCHI conference on Human factors in computing systems: common ground, p.111-ff., April 13-18, 1996, Vancouver, British Columbia, Canada 

@inproceedings{rao:94,
 author = {Ramana Rao and Stuart K. Card and Walter Johnson and Leigh Klotz and Randall H. Trigg},
 title = {Protofoil: storing and finding the information worker's paper documents in an electronic file cabinet},
 booktitle = {Proceedings of the SIGCHI conference on Human factors in computing systems},
 year = {1994},
 pages = {180--185},
 location = {Boston, Massachusetts, United States},
 doi = {http://doi.acm.org/10.1145/191666.191738},
 publisher = {ACM Press},
 }
% Ramana Rao , Stuart K. Card , Walter Johnson , Leigh Klotz , Randall H. Trigg, Protofoil: storing and finding the information worker's paper documents in an electronic file cabinet, Proceedings of the SIGCHI conference on Human factors in computing systems: celebrating interdependence, p.180-185, April 24-28, 1994, Boston, Massachusetts, United States 




%%%%%%%%%%%%%
% D-LIBS
%%%%%%%%%%%%%
%French, J. C. and C. L. Viles, "Personalized Information Environments: An Architecture for Customizable Access to Distributed Digital Libraries," D-Lib Magazine, vol. 5, no. 6, June 1999.
%http://www.cs.virginia.edu/~cyberia/PIE/index.html
%http://www.darpa.mil/ipto/psum2000/G809-0.html





%%%%%%
% DEY
% http://www.cs.berkeley.edu/~dey/publications.html
%%%%%%
% For integration stuff ++ see Nardi (1998) and INTEGRATION SECTION 
@inproceedings{dey:97,
 author = {Andrew Wood and Anind Dey and Gregory D. Abowd},
 title = {CyberDesk: automated integration of desktop and network services},
 booktitle = {Proceedings of the SIGCHI conference on Human factors in computing systems},
 year = {1997},
 pages = {552--553},
 location = {Atlanta, Georgia, United States},
 doi = {http://doi.acm.org/10.1145/258549.259031},
 publisher = {ACM Press},
 }
% Andrew Wood , Anind Dey , Gregory D. Abowd, CyberDesk: automated integration of desktop and network services, Proceedings of the SIGCHI conference on Human factors in computing systems, p.552-553, March 22-27, 1997, Atlanta, Georgia, United States 

@article{dey:98,
 author = {A.K. Dey and G.D. Abowd and A. Wood},
 title = {CyberDesk: A Framework for Providing Self-Integrating Context-Aware Services},
 journal = {Knowledge Based Systems},
 volume = {11},
 number = {1},
 year = {1998},
 pages = {3-13},
 }
% Dey, A.K., Abowd, G.D., Wood, A. CyberDesk: A Framework for Providing Self–Integrating Context–Aware Services, Knowledge Based Systems, Vol. 11 (1), September 1998, pp. 3-13.
%
% Dey, A.K., Salber, D. Abowd, G.D., A Conceptual Framework and a Toolkit for Supporting the Rapid Prototyping of Context-Aware Applications, anchor article of a special issue on Context-Aware Computing, Human-Computer Interaction (HCI) Journal, Vol. 16 (2-4), 2001, pp. 97-166.
%
% Daniel Salber , Anind K. Dey , Gregory D. Abowd, The context toolkit: aiding the development of context-enabled applications, Proceedings of the SIGCHI conference on Human factors in computing systems: the CHI is the limit, p.434-441, May 15-20, 1999, Pittsburgh, Pennsylvania, United States 
 
% Stuck in the Middle: The Challenges of User-Centered Design and Evaluation for Middleware  (abstract, pdf) 
% Keith Edwards, Victoria Bellotti, Anind K. Dey and Mark Newman 
% To appear in the Proceedings of the 2003 Conference on Human Factors in Computing Systems (CHI 2003), Fort Lauderdale, FL, April 5-10, 2003. 

%%%%%%%%%%%%%%%
% Paul DOURISH
%%%%%%%%%%%%%%%
@article{dourish:99a,
 author = {Paul Dourish and W. Keith Edwards and Anthony LaMarca and Michael Salisbury},
 title = {Presto: an experimental architecture for fluid interactive document spaces},
 journal = {ACM Transactions on Computer-Human Interaction (TOCHI)},
 volume = {6},
 number = {2},
 year = {1999},
 pages = {133--161},
 doi = {http://doi.acm.org/10.1145/319091.319099},
 publisher = {ACM Press},
 }
% Paul Dourish , W. Keith Edwards , Anthony LaMarca , Michael Salisbury, Presto: an experimental architecture for fluid interactive document spaces, ACM Transactions on Computer-Human Interaction (TOCHI), v.6 n.2, p.133-161, June 1999 

@article{dourish:00a,
 author = {Paul Dourish and W. Keith Edwards and Anthony LaMarca and John Lamping and Karin Petersen and Michael Salisbury and Douglas B. Terry and James Thornton},
 title = {Extending document management systems with user-specific active properties},
 journal = {ACM Transactions on Information Systems (TOIS)},
 volume = {18},
 number = {2},
 year = {2000},
 pages = {140--170},
 doi = {http://doi.acm.org/10.1145/348751.348758},
 publisher = {ACM Press},
 }
% Paul Dourish , W. Keith Edwards , Anthony LaMarca , John Lamping , Karin Petersen , Michael Salisbury , Douglas B. Terry , James Thornton, Extending document management systems with user-specific active properties, ACM Transactions on Information Systems (TOIS), v.18 n.2, p.140-170, April 2000 

@inproceedings{dourish:99b,
 author = {Paul Dourish and John Lamping and Tom Rodden},
 title = {Building bridges: customisation and mutual intelligibility in shared category management},
 booktitle = {Proceedings of the international ACM SIGGROUP conference on Supporting group work},
 year = {1999},
 pages = {11--20},
 location = {Phoenix, Arizona, United States},
 doi = {http://doi.acm.org/10.1145/320297.320299},
 publisher = {ACM Press},
 }
% Paul Dourish , John Lamping , Tom Rodden, Building bridges: customisation and mutual intelligibility in shared category management, Proceedings of the international ACM SIGGROUP conference on Supporting group work, p.11-20, November 14-17, 1999, Phoenix, Arizona, United States 

%inproceedings{dourish:99c,
% author = {Paul Dourish and W. Keith Edwards and Anthony LaMarca and Michael Salisbury},
% title = {Using properties for uniform interaction in the Presto document system},
% booktitle = {Proceedings of the 12th annual ACM symposium on User interface software and technology},
% year = {1999},
% pages = {55--64},
% location = {Asheville, North Carolina, United States},
% doi = {http://doi.acm.org/10.1145/320719.322583},
% publisher = {ACM Press},
% }
% Paul Dourish , W. Keith Edwards , Anthony LaMarca , Michael Salisbury, Using properties for uniform interaction in the Presto document system, Proceedings of the 12th annual ACM symposium on User interface software and technology, p.55-64, November 07-10, 1999, Asheville, North Carolina, United States 

% EDWARDS, K. AND LAMARCA, A. 1999. Balancing generality and specificity in document management systems. In Proceedings of the 7th IFIP Conference on Human-Computer Interaction (INTERACT '99, Edinburgh, Scotland), IFIP, Laxenburg, Austria. 

% Anthony LaMarca , W. Keith Edwards , Paul Dourish , John Lamping , Ian Smith , Jim Thornton, Taking the work out of workflow: mechanisms for document-centered collaboration, Proceedings of the Sixth European conference on Computer supported cooperative work, p.1-20, August 1999, Copenghagen, Denmark 




%%%%%%%%%%%%%%%%
% DUMAIS AND CO
%%%%%%%%%%%%%%%%
@inproceedings{Dumais:03a,
 author = {S. T. Dumais and  E. Cutrell and J. J. Cadiz and G. Jancke and R. Sarin and D. C. Robbins},
 title = {Stuff {I}'ve {S}een: A system for personal information retrieval and re-use},
 booktitle = {Proceedings SIGIR'03},
 year = {2003},
 publisher = {ACM Press},
}
% S. T. Dumais,  E. Cutrell, E., J. J. Cadiz, G. Jancke, R. Sarin and D. C. Robbins (2003). Stuff I've Seen: A system for personal information retrieval and re-use.  To appear in SIGIR 2003.

@inproceedings{Dumais:03b,
 author = {M. Ringel and E. Cutrell and S. T. Dumais and E. Horvitz},
 title = {Milestones in time: The value of landmarks in retrieving information from personal stores},
 booktitle = {Proceedings of INTERACT'03},
 year = {2003},
}
% M. Ringel, E. Cutrell, S. T. Dumais and E. Horvitz (2003).  Milestones in time: The value of landmarks in retrieving information from personal stores. To appear in Interact 2003.


%%%%%%%%%%%%%%%%%
% EDER ET AL
%%%%%%%%%%%%%%%%%
% Self-maintained folder hierarchies as Document Repositories. J. Eder, A. Krumpholz, A. Biliris, E. Panagos. Int'l Conference on Digital Libraries: Research and Practice, Kyoto, Japan, November 2000. 
% http://www.biliris.com/alex/pubs/




%%%%%%%%%%%%%%%%%%%%%%%
% GELERNTER and gang
%%%%%%%%%%%%%%%%%%%%%%
@article{Gelernter:96a,
 author = {Eric Freeman and David Gelernter},
 title = {Lifestreams: a storage model for personal data},
 journal = {ACM SIGMOD Record},
 volume = {25},
 number = {1},
 year = {1996},
 pages = {80--86},
 doi = {http://doi.acm.org/10.1145/381854.381893},
 publisher = {ACM Press},
 }
% Eric Freeman , David Gelernter, Lifestreams: a storage model for personal data, ACM SIGMOD Record, v.25 n.1, p.80-86, March 1996 

@article{Gelernter:96b,
 author = {Scott Fertig and Eric Freeman and David Gelernter},
 title = {``{F}inding and reminding'' reconsidered},
 journal = {ACM SIGCHI Bulletin},
 volume = {28},
 number = {1},
 year = {1996},
 pages = {66--69},
 doi = {http://doi.acm.org/10.1145/249170.249187},
 publisher = {ACM Press},
 }
% Scott Fertig , Eric Freeman , David Gelernter, “Finding and reminding” reconsidered, ACM SIGCHI Bulletin, v.28 n.1, p.66-69, Jan. 1996 

% E. Freeman and S. Fertig, "Lifestreams: Organizing your Electronic Life", AAAI Fall Symposium: AI Applications in Knowledge Navigation and Retrieval (Cambridge, MA), November 1995. 
%
% Gelernter, D., The Aesthetics of Computing, HarperCollins, 1998




%%%%%%%%%%%%%%%
% GAUCH ET AL
%%%%%%%%%%%%%%%
@inproceedings{Chaffee:00,
 author = {Jason Chaffee and Susan Gauch},
 title = {Personal ontologies for web navigation},
 booktitle = {Proceedings of the ninth international Conference on Information and Knowledge Management},
 year = {2000},
 pages = {227--234},
 location = {McLean, Virginia, United States},
 doi = {http://doi.acm.org/10.1145/354756.354823},
 publisher = {ACM Press},
}

% Gauch, S., Chaffee, J., Pretschner, A.: Ontology-Based User Profiles for Search and Browsing, To appear in J. User Modeling and User-Adapted Interaction: The Journal of Personalization Research, Special Issue on User Modeling for Web and Hypermedia Information Retrieval, 2003 


%%%%%%%%%%%%%%%
% GIFFORD et al.
%%%%%%%%%%%%%%%
@inproceedings{semanticfs:91,
 author = {David K. Gifford and Pierre Jouvelot and Mark A. Sheldon and James W. O'Toole, Jr.},
 title = {Semantic file systems},
 booktitle = {Proceedings of the thirteenth ACM symposium on Operating systems principles},
 year = {1991},
 pages = {16--25},
 location = {Pacific Grove, California, United States},
 doi = {http://doi.acm.org/10.1145/121132.121138},
 publisher = {ACM Press},
 }
% David K. Gifford , Pierre Jouvelot , Mark A. Sheldon , James W. O'Toole, Jr., Semantic file systems, Proceedings of the thirteenth ACM symposium on Operating systems principles, p.16-25, October 13-16, 1991, Pacific Grove, California, United States 

% James W. O'Toole , David K. Gifford, Names should mean what, not where, Proceedings of the 5th workshop on ACM SIGOPS European workshop: Models and paradigms for distributed systems structuring, September 21-23, 1992, Mont Saint-Michel, France 





%%%%%%%%%%
% GWIZDKA
%%%%%%%%%%
@inproceedings{Gwizdka:02,
 author = {Jacek Gwizdka},
 title = {Reinventing the inbox: supporting the management of pending tasks in email},
 booktitle = {CHI '02 extended abstracts on Human factors in computer systems},
 year = {2002},
 pages = {550--551},
 location = {Minneapolis, Minnesota, USA},
 doi = {http://doi.acm.org/10.1145/506443.506476},
 publisher = {ACM Press},
 }
% Jacek Gwizdka, Reinventing the inbox: supporting the management of pending tasks in email, CHI '02 extended abstracts on Human factors in computer systems, April 20-25, 2002, Minneapolis, Minnesota, USA 

% Gwizdka, J., "Supporting Prospective Information in Email", in Proceedings of CHI'2001, ACM Press, 2001.




%%%%%%%%%%%%%
% HAYSTACK
%%%%%%%%%%%%%
@inproceedings{haystack:99,
 author = {Eytan Adar and David Kargar and Lynn Andrea Stein},
 title = {Haystack: per-user information environments},
 booktitle = {Proceedings of the eighth international conference on Information and knowledge management},
 year = {1999},
 pages = {413--422},
 location = {Kansas City, Missouri, United States},
 doi = {http://doi.acm.org/10.1145/319950.323231},
 publisher = {ACM Press},
 }
%
% OTHER PAPERS:
%
%Adar, E., Karger, D.R., and Stein, L. Haystack: Per-User Information Environments. In 1999 Conference on Information and Knowledge Management. 
%
%David Huynh, Dennis Quan, Vineet Sinha, and David Karger. The Semantic User Interface Paradigm for Presenting Semi-structured Information. Student Oxygen Workshop 2002. PDF (17K)
%
%David Huynh, David Karger, and Dennis Quan. Haystack: A Platform for Creating, Organizing and Visualizing Information Using RDF. Semantic Web Workshop, 2002. Project
%
%Low, Aidan, A Folder-Based Implementation of a Graphical Interface to an Information Retrieval System, May 1999.
%
%Quan, D., "Haystack: A Platform for Creating, Organizing and Visualizing Information Using RDF" in The Eleventh International World Wide Web Conference Semantic Web Workshop, 2002
%
%Dennis Quan, David Huynh, Vineet Sinha, David Karger, and Marina Zhurakhinskaya. Basic Concepts for Managing Semi-structured Information in Haystack. Student Oxygen Workshop 2002. PDF (17K) 
%
%Dennis Quan, David Huynh, Vineet Sinha, and David Karger. Metadata-supported Agent Infrastructure. Student Oxygen Workshop 2002. PDF (16K) 
%
%Dennis Quan, David Huynh, Vineet Sinha, and David Karger. Adenine: A Metadata Programming Language. Student Oxygen Workshop 2002. PDF (18K)
%
% Vineet Sinha, Dennis Quan, David Huynh, and David Karger. Semantic Navigation Through Semi-structured Information. Student Oxygen Workshop 2002. PDF (37K) 
%
% "Haystack: A Platform for Authoring End User Semantic Web Applications" (Draft submission to WWW2003 conference; do not redistribute) 
%
% "Haystack's User Experience for Interacting with Semistructured Information" (Draft submission to WWW2003 conference; do not redistribute) 
%
% "A Unified Abstraction for Messaging on the Semantic Web" (Draft submission to WWW2003 conference; do not redistribute) 
%
% "Sticky Notes for the Semantic Web" to appear in Intelligent User Interfaces (IUI) 2003 
@inproceedings{haystack:03a,
 author = {David Huynh and David R. Karger and Dennis Quan and Vineet Sinha},
 title = {Haystack: a platform for creating, organizing and visualizing semistructured information},
 booktitle = {Proceedings of the 2003 international conference on Intelligent user interfaces},
 year = {2003},
 pages = {323--323},
 location = {Miami, Florida, USA},
 doi = {http://doi.acm.org/10.1145/604045.604116},
 publisher = {ACM Press},
 }
% "Haystack: A Platform for Creating, Organizing and Visualizing Semistructured Information" to appear in Intelligent User Interfaces (IUI) 2003 
%
% "User Interfaces for Supporting Multiple Categorization" (Draft submission to CHI2003 conference; coauthored with Karun Bakshi, David Huynh, and David Karger; do not redistribute) 

@inproceedings{haystack:03b,
 author = {Dennis Quan and Karun Bakshi and David Huynh and David R. Karger},
 title = {User Interfaces for Supporting Multiple Categorization},
 booktitle = {Proceedings of Interact 2003},
 year = {2003},
 location = {Zurich, Switzerland}
 }
% Dennis Quan, Karun Bakshi, David Huynh, and David R. Karger. User Interfaces for Supporting Multiple Categorization to appear in INTERACT 2003. 



% "Toward Uniform and Semantics-Based User Interfaces for Information Management" (Draft submission to CHI2003 conference; coauthored with Karun Bakshi, David Huynh, and David Karger; do not redistribute) 
%
% "What Makes a Good Answer? The Role of Context in Question Answering Systems" (Draft submission to CHI2003 conference; coauthored with Jimmy Lin, Vineet Sinha, Karun Bakshi, David Huynh, Boris Katz, and David Karger; do not redistribute) 
%
% "Natural Language Annotations for the Semantic Web" in International Conference on Ontologies, Databases and Applications of SEmantics (ODBASE) 2002. 
% 
% "Haystack: A Platform for Creating, Organizing, and Visualizing Information Using RDF" (Draft submission to journal; do not redistribute) 




%%%%%%%%%%%%%%%
% HENDERSON
%%%%%%%%%%%%%%%
@article{rooms:86,
 author = {Austin Henderson and Stuart Card},
 title = {Rooms: the use of multiple virtual workspaces to reduce space contention in a window-based graphical user interface},
 journal = {ACM Transactions on Graphics (TOG)},
 volume = {5},
 number = {3},
 year = {1986},
 pages = {211--243},
 doi = {http://doi.acm.org/10.1145/24054.24056},
 publisher = {ACM Press},
 }
% D. Austin Henderson, Jr. , Stuart Card, Rooms: the use of multiple virtual workspaces to reduce space contention in a window-based graphical user interface, ACM Transactions on Graphics (TOG), v.5 n.3, p.211-243, July 1986 





%%%%%%%%%%%%%%%%%%%%
% HYPERTEXT STUFF
%%%%%%%%%%%%%%%%%%%%
@inproceedings{shipman:01,
 author = {Frank Shipman and Robert Airhart and Haowei Hsieh and Preetam Maloor and J. Michael Moore and Divya Shah},
 title = {Visual and spatial communication and task organization using the visual knowledge builder},
 booktitle = {Proceedings of the 2001 International ACM SIGGROUP Conference on Supporting Group Work},
 year = {2001},
 pages = {260--269},
 location = {Boulder, Colorado, USA},
 doi = {http://doi.acm.org/10.1145/500286.500325},
 publisher = {ACM Press},
 }
%
% article{tn:99,author = {Theodor Holm Nelson}, title = {Xanalogical structure, needed now more than ever: parallel documents, deep links to content, deep versioning, and deep re-use},



%%%%%%%%%%%%%%%%%%%%%%
% IDENTITY MANAGEMENT
%%%%%%%%%%%%%%%%%%%%%%
@manual{liberty:03,
 key = {Liberty Alliance Project},
 title = {Liberty Architecture Overview (version 1.0)},
 note = {Retrieved September 1, 2002, from \urlBiBTeX{http://www.projectliberty.org}},
 month = {Jul},
 day = {11},
 year = {2002},
  date = {July 11},
}
 % howpublished = {\textit{Liberty Alliance Project Website}},
% Liberty Architecture Overview, Liberty Alliance Project
% Available from http://www.projectliberty.org/
%
%
% Microsoft Passport
@Misc{myservices:01,
  key = {Microsoft .NET My Services},
  title =  {Building user-centric experiences: an introduction to .{NET} {M}y {S}ervices},
  note = {Retrieved May 16, 2002, from \urlBiBTeX{http://www.microsoft.com/netservices/userexperiences.asp}},
  year =  {2001},
}
% organization = {Liberty Alliance Project}
% howpublished = {\textit{Microsoft Website}},

%%%%%%%%%%%%%
% IMAGES
%%%%%%%%%%%%%
% Oge Marques , Borko Furht, Content-based visual information retrieval, Distributed multimedia databases: techniques & applications, Idea Group Publishing, Hershey, PA, 2002 


%%%%%%%%%
% INTELLIGENT AGENT STUFF
%%%%%%%%%

% P. Maes (1994): Agents that reduce work and information overload. Communications of the ACM, 37, pp. 31-40, 146. 

% Suhayya Abu-Hakima , Connie McFarland , John F. Meech, An agent-based system for email highlighting, Proceedings of the fifth international conference on Autonomous agents, p.224-225, May 2001, Montreal, Quebec, Canada 

% Elisabeth Crawford , Judy Kay , Eric McCreath, An intelligent interface for sorting electronic mail, Proceedings of the 7th international conference on Intelligent user interfaces, January 13-16, 2002, San Francisco, California, USA 

@inproceedings{horvitz:99,
 author = {Eric Horvitz},
 title = {Principles of mixed-initiative user interfaces},
 booktitle = {Proceedings of the SIGCHI conference on Human factors in computing systems},
 year = {1999},
 pages = {159--166},
 location = {Pittsburgh, Pennsylvania, United States},
 doi = {http://doi.acm.org/10.1145/302979.303030},
 publisher = {ACM Press},
 }

@inproceedings{mailcat:99,
 author = {Richard B. Segal and Jeffrey O. Kephart},
 title = {MailCat: an intelligent assistant for organizing e-mail},
 booktitle = {Proceedings of the third annual conference on Autonomous Agents},
 year = {1999},
 pages = {276--282},
 location = {Seattle, Washington, United States},
 doi = {http://doi.acm.org/10.1145/301136.301209},
 publisher = {ACM Press},
 }
% Richard B. Segal , Jeffrey O. Kephart, MailCat: an intelligent assistant for organizing e-mail, Proceedings of the third annual conference on Autonomous Agents, p.276-282, April 1999, Seattle, Washington, United States 

% Karin Becker , Michelle O. Cardoso , Caren M. Nichele , Michele Frighetto, Mail-by-example: a visual query interface for email management, Proceedings of the Working Conference on Advanced Visual Interfaces, p.280-281, May 2000, Palermo, Italy 

% Kenricj Mock, An experimental framework for email categorization and management, Proceedings of the 24th annual international ACM SIGIR conference on Research and development in information retrieval, p.392-393, September 2001, New Orleans, Louisiana, United States 
%
% Rhodes, B., "Margin Notes: building a contextually aware associative memory", in Proceedings of IUI'00, ACM Press, New Orleans, 2000.
%
% Rhodes, B. and Starner, T. A continuously running automated information retrieval system. In Proceedings of The First International Conference on The Practical Application of Intelligent Agents and Multi Agent Technology (PAAM '96), London, UK, April 1996, pp. 487-495. 
%
%%%%%%%%%%%%%%%
% TEMPUS FUGIT
%%%%%%%%%%%%%%%
% Stefan Edlund: Personal Automation: Combining Personal Information Management Systems and Rule Engines. WWW Posters 2001
%
% Daniel Alexander Ford, Joann Ruvolo, Stefan Edlund, Jussi Myllymaki, James Kaufman, Jared Jackson, Martin Gerlach: Tempus Fugit: A System for Making Semantic Connections. CIKM 2001: 520-522


%%%%%%%%%%%%%%%%%%
%% INTEGRATION
%%%%%%%%%%%%%%%%%%
@inproceedings{267438,
 author = {E. James {Whitehead, Jr.}},
 title = {An architectural model for application integration in open hypermedia environments},
 booktitle = {Proceedings of the eighth ACM conference on Hypertext},
 year = {1997},
 pages = {1--12},
 location = {Southampton, United Kingdom},
 doi = {http://doi.acm.org/10.1145/267437.267438},
 publisher = {ACM Press},
 }

@inproceedings{168522,
 author = {Hugh Davis and Wendy Hall and Ian Heath and Gary Hill and Rob Wilkins},
 title = {Towards an integrated information environment with open hypermedia systems},
 booktitle = {Proceedings of the ACM conference on Hypertext},
 year = {1992},
 pages = {181--190},
 location = {Milan, Italy},
 doi = {http://doi.acm.org/10.1145/168466.168522},
 publisher = {ACM Press},
 }




%%%%%%%%%%%%%%%%%%%%%%%%%%%%%%%%%
% KAPLAN and KAPOR- Lotus Agenda
%%%%%%%%%%%%%%%%%%%%%%%%%%%%%%%%%
@article{kaplan:90,
 author = {S. Jerrold Kaplan and Mitchell D. Kapor and Edward J. Belove and Richard A. Landsman and Todd R. Drake},
 title = {Agenda: a personal information manager},
 journal = {Communications of the ACM},
 volume = {33},
 number = {7},
 year = {1990},
 pages = {105--116},
 doi = {http://doi.acm.org/10.1145/79204.79212},
 publisher = {ACM Press},
 }
% referenced by haystack




%%%%%%%%%%%%%%%%%%%%%%%%%%%
% KAPTELININ - SEE STUDIES
%%%%%%%%%%%%%%%%%%%%%%%%%%%

%%%%%%%%%%%%%%%%%%%%
% LAMMING - SATCHEL
%%%%%%%%%%%%%%%%%%%%
@article{lamming:00,
    author = "Mik Lamming and Marge Eldridge and Mike Flynn and Chris Jones and David Pendlebury",
    title = "{Satchel}: providing access to any document, any time, anywhere",
    journal = "ACM Transactions on Computer-Human Interaction",
    volume = "7",
    number = "3",
    pages = "322--352",
    year = "2000",
}
   


%%%%%%%%%%%%%%%%%
% LANSDALE ET AL
%%%%%%%%%%%%%%%%%
% article{ml:92, author = {Mark Lansdale and Ernest Edmonds},
% Mark Lansdale , Ernest Edmonds, Using memory for events in the design of personal filing systems, International Journal of Man-Machine Studies, v.36 n.1, p.97-126, Jan. 1992 




%%%%%%%%%%%%%%%%%
% MAGLIO et al
%%%%%%%%%%%%%%%%%
@inproceedings{502751,
 author = {Stephen Farrell and Volkert Buchmann and Christopher S. Campbell and Paul P. Maglio},
 title = {Information programming for personal user interfaces},
 booktitle = {Proceedings of the 7th international conference on Intelligent user interfaces},
 year = {2002},
 pages = {190--191},
 location = {San Francisco, California, USA},
 doi = {http://doi.acm.org/10.1145/502716.502751},
 publisher = {ACM Press},
 }
% Stephen Farrell , Volkert Buchmann , Christopher S. Campbell , Paul P. Maglio, Information programming for personal user interfaces, Proceedings of the 7th international conference on Intelligent user interfaces, January 13-16, 2002, San Francisco, California, USA 
%
% Intelligent support for web browsing
% Rob Barrett , Paul P. Maglio , Daniel C. Kellem, How to personalize the Web, Proceedings of the SIGCHI conference on Human factors in computing systems, p.75-82, March 22-27, 1997, Atlanta, Georgia, United States 




%%%%%%%%%
% MANDER
%%%%%%%%%
@inproceedings{piles:92,
 author = {Richard Mander and Gitta Salomon and Yin Yin Wong},
 title = {A pile metaphor for supporting casual organization of information},
 booktitle = {Proceedings of the SIGCHI conference on Human factors in computing systems},
 year = {1992},
 pages = {627--634},
 location = {Monterey, California, United States},
 doi = {http://doi.acm.org/10.1145/142750.143055},
 publisher = {ACM Press},
 }
% Richard Mander , Gitta Salomon , Yin Yin Wong, A “pile” metaphor for supporting casual organization of information, Proceedings of the SIGCHI conference on Human factors in computing systems, p.627-634, May 03-07, 1992, Monterey, California, United States 




%%%%%%%%%%%%%%%%%%%%%%%%%%%
% MUSIC/SOUND/CONVERSATIONS
%%%%%%%%%%%%%%%%%%%%%%%%%%%%%
@inproceedings{544280,
 author = {Wei-hao Lin and Alexander G. Hauptmann},
 title = {A wearable digital library of personal conversations},
 booktitle = {Proceedings of the second ACM/IEEE-CS joint conference on Digital libraries},
 year = {2002},
 pages = {277--278},
 location = {Portland, Oregon, USA},
 doi = {http://doi.acm.org/10.1145/544220.544280},
 publisher = {ACM Press},
 }
% also stuff on storing everything


%%%%%%%%%
% NARDI
%%%%%%%%%
@article{bn:98,
 author = {Bonnie A. Nardi and James R. Miller and David J. Wright},
 title = {Collaborative, programmable intelligent agents},
 journal = {Communications of the ACM},
 volume = {41},
 number = {3},
 year = {1998},
 pages = {96--104},
 doi = {http://doi.acm.org/10.1145/272287.272331},
 publisher = {ACM Press},
 }
% Nardi, B.A., Miller, J.R., and Wright, D.J. Collaborative, Programmable Intelligent Agents. Commun. ACM, 1998.41(3):96-104.


%%%%%%%%
% P3P
%%%%%%%%
@book{p3p:03,
 author = {W3C},
 title = {Platform for Privacy Preferences},
 year = {2003},
 publisher = {W3C},
 url = {www.w3.org/P3P},
 }
% W3C. Platform for Privacy Preferences. Available at www.w3.org/P3P. 



%%%%%%%%%%%%%%
% PHOTO
%%%%%%%%%%%%%%%
@inproceedings{kuch:99,
 author = {Allan Kuchinsky and Celine Pering and Michael L. Creech and Dennis Freeze and Bill Serra and Jacek Gwizdka},
 title = {FotoFile: a consumer multimedia organization and retrieval system},
 booktitle = {Proceedings of the SIGCHI conference on Human factors in computing systems},
 year = {1999},
 pages = {496--503},
 location = {Pittsburgh, Pennsylvania, United States},
 doi = {http://doi.acm.org/10.1145/302979.303143},
 publisher = {ACM Press},
 }
% Kuchinsky, A., Pering C., Freeze, D., Creech, M., Serra, B., and Gwizdka, J., "FotoFile: A Consumer Multimedia Organization and Retrieval System", in Proceedings of CHI'99. ACM Press, 1999.
%
% PhotoFinder Project at UML
%
% H. Kang and B. Shneiderman. Visualization Methods for Personal Photo Collections Browsing and Searching in the PhotoFinder. In Proceedings of IEEE International Conference on Multimedia and Expo (ICME2000), pp. 1539--1542. IEEE, New York, 2000. Available at http://www.cs.umd.edu/hcil/photolib/paper/ICME2000-final.doc 
%
@inproceedings{544301,
 author = {Adrian Graham and Hector Garcia-Molina and Andreas Paepcke and Terry Winograd},
 title = {Time as essence for photo browsing through personal digital libraries},
 booktitle = {Proceedings of the second ACM/IEEE-CS joint conference on Digital libraries},
 year = {2002},
 pages = {326--335},
 location = {Portland, Oregon, USA},
 doi = {http://doi.acm.org/10.1145/544220.544301},
 publisher = {ACM Press},
 }



%%%%%%%%%%%%
% PHYS/DIG
%%%%%%%%%%%%
@inproceedings{newman:92,
 author = {William Newman and Pierre Wellner},
 title = {A desk supporting computer-based interaction with paper documents},
 booktitle = {Proceedings of the SIGCHI conference on Human factors in computing systems},
 year = {1992},
 pages = {587--592},
 location = {Monterey, California, United States},
 doi = {http://doi.acm.org/10.1145/142750.143007},
 publisher = {ACM Press},
 }
% William Newman , Pierre Wellner, A desk supporting computer-based interaction with paper documents, Proceedings of the SIGCHI conference on Human factors in computing systems, p.587-592, May 03-07, 1992, Monterey, California, United States 


%%%%%%%%%%
% RASKIN
%%%%%%%%%%
@book{jr:00,
 author = {Jef Raskin},
 title = {The Humane Interface},
 year = {2000},
 publisher = {ACM Press},
 }



%%%%%%%%%%%%%%%%%%%%%%%%%%%%%%%
% George ROBERTSON et al
%%%%%%%%%%%%%%%%%%%%%%%%%%%%%%%
@inproceedings{gr:98,
 author = {George Robertson and Mary Czerwinski and Kevin Larson and Daniel C. Robbins and David Thiel and Maarten van Dantzich},
 title = {Data mountain: using spatial memory for document management},
 booktitle = {Proceedings of the 11th annual ACM symposium on User interface software and technology},
 year = {1998},
 pages = {153--162},
 location = {San Francisco, California, United States},
 doi = {http://doi.acm.org/10.1145/288392.288596},
 publisher = {ACM Press},
 }
% George Robertson , Mary Czerwinski , Kevin Larson , Daniel C. Robbins , David Thiel , Maarten van Dantzich, Data mountain: using spatial memory for document management, Proceedings of the 11th annual ACM symposium on User interface software and technology, p.153-162, November 01-04, 1998, San Francisco, California, United States 

% Mary Czerwinski , Susan Dumais , George Robertson , Susan Dziadosz , Scott Tiernan , Maarten van Dantzich, Visualizing implicit queries for information management and retrieval, Proceedings of the SIGCHI conference on Human factors in computing systems: the CHI is the limit, p.560-567, May 15-20, 1999, Pittsburgh, Pennsylvania, United States 

@inproceedings{gr:00,
 author = {George Robertson and Maarten van Dantzich and Daniel Robbins and Mary Czerwinski and Ken Hinckley and Kirsten Risden and David Thiel and Vadim Gorokhovsky},
 title = {The Task Gallery: a {3D} window manager},
 booktitle = {Proceedings of the SIGCHI conference on Human factors in computing systems},
 year = {2000},
 pages = {494--501},
 location = {The Hague, The Netherlands},
 doi = {http://doi.acm.org/10.1145/332040.332482},
 publisher = {ACM Press},
 }
% George Robertson , Maarten van Dantzich , Daniel Robbins , Mary Czerwinski , Ken Hinckley , Kirsten Risden , David Thiel , Vadim Gorokhovsky, The Task Gallery: a 3D window manager, Proceedings of the SIGCHI conference on Human factors in computing systems, p.494-501, April 01-06, 2000, The Hague, The Netherlands 




















%%%%%%%%%%%%%%%%%%%%%%%%%%%%%%
% SHNEIDERMAN AND PLAISANT
%%%%%%%%%%%%%%%%%%%%%%%%%%%%%%

%%%%%%%%%%%%%%%%%%%%
% ROLE MANAGEMENT
%%%%%%%%%%%%%%%%%%%%
@inproceedings{Shneiderman:94,
 author = {Ben Shneiderman and Catherine Plaisant},
 title = {The future of graphic user interfaces: personal role managers},
 booktitle = {Proceedings of the conference on People and computers IX},
 year = {1994},
 pages = {3--8},
 location = {Glasgow},
 publisher = {Cambridge University Press},
 }
% Shneiderman, B. and Plaisant, C., "The future of graphic user interfaces: Personal role managers", in People and Computers IX (August 1994), pp. 3-8, Cambridge University Press, 1994.

% Plaisant, C., Shneiderman, B., Organization overviews and role management: Inspiration for future desktop environments, Proc. IEEE 4th Workshop on Enabling Technologies: Infrastructure for Collaborative Enterprises, (April 1995), pp. 14-22. 

% Catherine Plaisant , Ben Shneiderman, Organization overviews and role management: inspiration for future desktop environments, Conference companion on Human factors in computing systems, p.419-420, May 07-11, 1995, Denver, Colorado, United States 
%
%%%%%%%%%%%%%%%%
% Shneiderman - WINDOWS STUFF
%%%%%%%%%%%%%%%%
@inproceedings{Shneiderman-elastic:97,
 author = {Eser Kandogan and Ben Shneiderman},
 title = {Elastic Windows: evaluation of multi-window operations},
 booktitle = {Proceedings of the SIGCHI conference on Human factors in computing systems},
 year = {1997},
 pages = {250--257},
 location = {Atlanta, Georgia, United States},
 doi = {http://doi.acm.org/10.1145/258549.258720},
 publisher = {ACM Press},
 }
% Eser Kandogan , Ben Shneiderman, Elastic Windows: evaluation of multi-window operations, Proceedings of the SIGCHI conference on Human factors in computing systems, p.250-257, March 22-27, 1997, Atlanta, Georgia, United States 
@article{273069,
 author = {Ben Shneiderman and Donald Byrd and W. Bruce Croft},
 title = {Sorting out searching: a user-interface framework for text searches},
 journal = {Communications of the ACM},
 volume = {41},
 number = {4},
 year = {1998},
 pages = {95--98},
 doi = {http://doi.acm.org/10.1145/273035.273069},
 publisher = {ACM Press},
 }

% Ben Shneiderman , Donald Byrd , W. Bruce Croft, Sorting out searching: a user-interface framework for text searches, Communications of the ACM, v.41 n.4, p.95-98, April 1998 

@inproceedings{765977,
 author = {Hyunmo Kang and Ben Shneiderman},
 title = {MediaFinder: an interface for dynamic personal media management with semantic regions},
 booktitle = {Proceedings of the extended abstract conference on human factors and computing systems},
 year = {2003},
 pages = {764--765},
 location = {Ft. Lauderdale, Florida, USA},
 doi = {http://doi.acm.org/10.1145/765891.765977},
 publisher = {ACM Press},
 }
% MEDIA SPACES



%%%%%%%%%%%%%%%%%%%%%%%%
% SYNC TECHNOLOGIES
%%%%%%%%%%%%%%%%%%%%%%%%
@inproceedings{roma:00,
 author = { Swierk, E. and Kiciman, E. and Laviano, V. and Baker, M.},
 title = {The {R}oma Personal Metadata Service},
 booktitle = {Proceedings of the Third IEEE Workshop on Mobile Computing Systems and Applications (WMCSA)},
 year = {2000},
 location = {Monterey, California},
 publisher = {IEEE},
 }
% Swierk, E., Kiciman, E., Laviano, V., and Baker, M., "The Roma Personal Metadata Service", in Proceedings of the Third IEEE Workshop on Mobile Computing Systems and Applications (WMCSA), Monterey, California, December 2000.
%
% SyncML website, http://syncml.org, 2001.
%




%%%%%%%%%%%%%%%%%%%%%%%%%%%%%%%%%%%%%%%%%%%%%
% TIME-BASED ORG: REKIMOTO, HAYASHI ETC.
%%%%%%%%%%%%%%%%%%%%%%%%%%%%%%%%%%%%%%%%%%%%%
@inproceedings{rekimoto:99,
 author = {Jun Rekimoto},
 title = {Time-machine computing: a time-centric approach for the information environment},
 booktitle = {Proceedings of the 12th annual ACM symposium on User interface software and technology},
 year = {1999},
 pages = {45--54},
 location = {Asheville, North Carolina, United States},
 doi = {http://doi.acm.org/10.1145/320719.322582},
 publisher = {ACM Press},
 }
% Jun Rekimoto, Time-machine computing: a time-centric approach for the information environment, Proceedings of the 12th annual ACM symposium on User interface software and technology, p.45-54, November 07-10, 1999, Asheville, North Carolina, United States 

% Koichi Hayashi , Takahiko Nomura , Tan Hazama , Makoto Takeoka , Sunao Hashimoto , Stephan Gumundson, Temporally threaded workspace: a model for providing activity-based perspectives on document spaces, Proceedings of the ninth ACM conference on Hypertext and hypermedia : links, objects, time and space---structure in hypermedia systems: links, objects, time and space---structure in hypermedia systems, p.87-96, June 20-24, 1998, Pittsburgh, Pennsylvania, United States 

% Hayashi, K., Hazama, T., Nomura, T., Yamada, T. and Gudmundson, S., Activity awareness: a framework for sharing knowledge of people, projects and places, in Proceedings of ECSCW '99, Copenhagen, 1999.

% Yiu, K., Baecker, P.M., Silver, N., and Long, B., A Time-based Interface for Electronic Mail and Task Management, Proe. HCI lnternational '97, 1997. 


%%%%%%%%%%%%%%%
% SOCIAL ORG
%%%%%%%%%%%%%%%
% Alan Wexelblat , Pattie Maes, Footprints: history-rich tools for information foraging, Proceedings of the SIGCHI conference on Human factors in computing systems: the CHI is the limit, p.270-277, May 15-20, 1999, Pittsburgh, Pennsylvania, United States 



%%%%%%%%%%%%%%%%%
% TAKKINEN
%%%%%%%%%%%%%%%
% cafe system for email
% Takkinen, J. (2002), From Information Management to Task Management in Electronic Mail. Dissertation No. 732, Linköping Studies in Science and Technology, Dept. of Computer and Information Science, Linköping University, Linköping.
%
% Takkinen, J. & Shahmehri, N. (1998a), "CAFE: A Conceptual Model for Managing Information in Electronic Mail," in Proceedings of 31st Hawaii International Conference on System Sciences (HICSS-31), January 6--9, 1998, on Honolulu, Hawaii, USA



%%%%%%%%%%%%%
% TANGIBLE
%%%%%%%%%%%%%
@inproceedings{jacob:02,
 author = {Robert J. K. Jacob and Hiroshi Ishii and Gian Pangaro and James Patten},
 title = {A tangible interface for organizing information using a grid},
 booktitle = {Proceedings of the SIGCHI conference on Human factors in computing systems},
 year = {2002},
 pages = {339--346},
 location = {Minneapolis, Minnesota, USA},
 doi = {http://doi.acm.org/10.1145/503376.503437},
 publisher = {ACM Press},
 }
% Jacob, R., Ishii, H., Pangaro, G., Patten, J., A Tangible Interface for Organizing Information Using a Grid, in Proceedings of Conference on Human Factors in Computing Systems (CHI '02), (Minneapolis, Minnesota, USA, April 20 - April 25, 2002)

@inproceedings{selker:00,
 author = {Hao Yan and Ted Selker},
 title = {Context-aware office assistant},
 booktitle = {Proceedings of the 5th international conference on Intelligent user interfaces},
 year = {2000},
 pages = {276--279},
 location = {New Orleans, Louisiana, United States},
 doi = {http://doi.acm.org/10.1145/325737.325872},
 publisher = {ACM Press},
 }
% Hao Yan , Ted Selker, Context-aware office assistant, Proceedings of the 5th international conference on Intelligent user interfaces, p.276-279, January 09-12, 2000, New Orleans, Louisiana, United States 

%%%%%%%%%%%
% TREE VIZ
%%%%%%%%%%%
% Johnson, B., and Shneiderman, B., "Treemaps: A Space-filling Approach to the Visualization of Hierarchical Information" in Proceedings of IEEE Visualization '91 Conference, pages 284--291, San Diego, Ca, 1991.

% Lamping, J., Rao, R., and Pirolli, P., "A focus+content technique based on hyperbolic geometry for visualizing large hierarchies", in Proc. ACM Human Factors in Computing Systems, p.401-408, 1995. 
%
% George G. Robertson , Jock D. Mackinlay , Stuart K. Card, Cone Trees: animated 3D visualizations of hierarchical information, Proceedings of the SIGCHI conference on Human factors in computing systems: Reaching through technology, p.189-194, April 27-May 02, 1991, New Orleans, Louisiana, United States 
%
%George G. Robertson, Kim Cameron, Mary Czerwinski, Daniel C. Robbins: Polyarchy visualization: visualizing multiple intersecting hierarchies. CHI 2002: 423-430
%
%George G. Robertson: From Hierarchies to Polyarchies - Visualizing Multiple Relationships. Advanced Visual Interfaces 2000: 13






%%%%%%%%%%%%%%%%%%
% WEB-BASED PIM
%%%%%%%%%%%%%%%%%%%


%%%%%%%%%%%%%%%%%%
% schraefer et al
%%%%%%%%%%%%%%%%%%
% m. c. schraefel , Daniel Wigdor , Yuxiang Zhu , David Modjeska, Hunter gatherer: within-web-page collection making, CHI '02 extended abstracts on Human factors in computer systems, April 20-25, 2002, Minneapolis, Minnesota, USA

@inproceedings{schraefel:02,
 author = {M. C. schraefel and Yuxiang Zhu and David Modjeska and Daniel Wigdor and Shengdong Zhao},
 title = {Hunter gatherer: interaction support for the creation and management of within-web-page collections},
 booktitle = {Proceedings of the eleventh international conference on World Wide Web},
 year = {2002},
 pages = {172--181},
 location = {Honolulu, Hawaii, USA},
 doi = {http://doi.acm.org/10.1145/511446.511469},
 publisher = {ACM Press},
 }
% M. C. schraefel , Yuxiang Zhu , David Modjeska , Daniel Wigdor , Shengdong Zhao, Hunter gatherer: interaction support for the creation and management of within-web-page collections, Proceedings of the eleventh international conference on World Wide Web, May 07-11, 2002, Honolulu, Hawaii, USA 
% uses Dillon
%
% Lacher and Grou
%
% Lenman, S. & See, H. & Century, M. & Pennycook, B., Merz: Creating Personal and Shared Spaces on the WorldWideWeb, WebNet 96 - World Conference of the Web Society, Proceedings, pp. 292-297, S.F., 1996
%
@article{301020,
 author = {Hal Berghel and Daniel Berleant and Thomas Foy and Marcus McGuire},
 title = {Cyberbrowsing: information customization on the Web},
 journal = {Journal of the American Society for Information Science},
 volume = {50},
 number = {6},
 year = {1999},
 pages = {505--513},
 doi = {http://dx.doi.org/10.1002/(SICI)1097-4571(1999)50:6},
 publisher = {John Wiley & Sons, Inc.},
 }
% Hal Berghel , Daniel Berleant , Thomas Foy , Marcus McGuire, Cyberbrowsing: information customization on the Web, Journal of the American Society for Information Science, v.50 n.6, p.505-513, May 1, 1999 
%
% Two Methods for Auto-Organizing Personal Web History Scott LeeTiernan, University of Washington, USA; Shelly Farnham, Microsoft Research, USA; Lili Cheng, Microsoft Research, USA  CHI2003

% A. Cockburn and S. Greenberg (1999): Issues of page representation and organisation in web browser`s revisitation tools. In: Proceedings of the OzCHI 99 : Annual Conference of the Computer Human Interaction Special Interest Group of the Ergonomics Society of Australia, Wagga Wagga November 28-30, 1999, 6 pp. http://www.csu.edu.au/OZCHI99/full_papers/cockburnPageRep.doc

% A. Cockburn, S. Greenberg, B. McKenzie, M. Jasonsmith and S. Kaasten (1999): WebView : a graphical aid for revisiting web pages. In: Proceedings of the OzCHI 99 : Annual Conference of the Computer Human Interaction Special Interest Group of the Ergonomics Society of Australia, Wagga Wagga November 28-30, 1999, 6 pp. http://www.csu.edu.au/OZCHI99/full_papers/cockburnWebView.doc

% S. Greenberg and A. Cockburn (1999): Getting back to back : alternate behaviors for a web browser`s Back button. Proceedings of the 5th Annual Human Factors and the Web Conference, Gaithersburg, MD. June 3, 1999, 7 pp. http://www.cpsc.calgary.ca/grouplab/papers/

% L. Denoue and L. Vignollet (2000): New ways of using Web annotations. In: 9th International World Wide Web Conference, Amsterdam May 15-19, 2000, 2000, 4 pp. http://www9.org/final-posters/poster46.html

%%%%%%%%%%%%%%%%%%%%%%%%%%%%%%%%%%%%
% WHITTAKER - contactmap see STUDY
%%%%%%%%%%%%%%%%%%%%%%%%%%%%%%%%%%%%



%%%%%%%%%%%%%%%%
% WILLIAMSON
%%%%%%%%%%%%%%%%
% Moneypenny



%%%%%%%%%
% WOLBER
%%%%%%%%%
@inproceedings{wolb:02,
 author = {David Wolber and Michael Kepe and Igor Ranitovic},
 title = {Exposing document context in the personal web},
 booktitle = {Proceedings of the 7th international conference on Intelligent user interfaces},
 year = {2002},
 pages = {151--158},
 location = {San Francisco, California, USA},
 doi = {http://doi.acm.org/10.1145/502716.502740},
 publisher = {ACM Press},
 }
%WebTop
%http://nexus.cs.usfca.edu/~webtop/











%%%%%%%%%%%%%%%%%%%%%%%%%%%%%%%%%%%%%%%%%%%%%%%
% DESIGN/TECHNOLOGY REFERENCES TO CHECK OUT
%%%%%%%%%%%%%%%%%%%%%%%%%%%%%%%%%%%%%%%%%%%%%%%
@inproceedings{506470,
 author = {Daniel Bauer},
 title = {Personal information geographies},
 booktitle = {CHI '02 extended abstracts on Human factors in computer systems},
 year = {2002},
 pages = {538--539},
 location = {Minneapolis, Minnesota, USA},
 doi = {http://doi.acm.org/10.1145/506443.506470},
 publisher = {ACM Press},
 }
% Daniel Bauer, Personal information geographies, CHI '02 extended abstracts on Human factors in computer systems, April 20-25, 2002, Minneapolis, Minnesota, USA 

% Burra Gopal , Udi Manber, Integrating content-based access mechanisms with hierarchical file systems, Proceedings of the third symposium on Operating systems design and implementation, p.265-278, February 1999, New Orleans, Louisiana, United States 

% George W. Furnas , Samuel J. Rauch, Considerations for information environments and the NaviQue workspace, Proceedings of the third ACM conference on Digital libraries, p.79-88, June 23-26, 1998, Pittsburgh, Pennsylvania, United States 

% Michelle Q. Wang Baldonado , Terry Winograd, SenseMaker: an information-exploration interface supporting the contextual evolution of a user's interests, Proceedings of the SIGCHI conference on Human factors in computing systems, p.11-18, March 22-27, 1997, Atlanta, Georgia, United States 
%
% Sougata Mukherjea, Organizing topic-specific web information, Proceedings of the eleventh ACM on Hypertext and hypermedia, p.133-141, May 30-June 03, 2000, San Antonio, Texas, United States 
%
% %%%%%%%%
% CHI2003
% %%%%%%%%
% Supporting Notable Information in Office Work Christopher Campbell, Paul Maglio, IBM Almaden Research, USA
%
% Personal Media Exploration with Semantic Regions Hyunmo Kang, U. of Maryland, USA
%
% Desktop Aksi: Virtual Workspace Concept Integrating Personal Social Communication and Task Management Abhijit Rao, University of Illinois Urbana Champaign, USA
%
% Containers: A New Hierarchical Model for Browser Interfaces Chad Owens, Georgia State University, USA
%
% Interface Design for Metadata Creation Abe Crystal, University of North Carolina at Chapel Hill, USA
%



