%%%%%%%%%%%%%%%%%%%%%%%%%%%%
% PIM/THEORY REFERENCES
%%%%%%%%%%%%%%%%%%%%%%%%%%%%

%%%%%%%%%%%%%
% Abrahamson
%%%%%%%%%%%%%
@article{abrahamson:02,
 author = {Eric Abrahamson},
 title = {Disorganization theory and disorganizational behavior: Towards an etiology of messes},
 journal = {Research in Organizational Behaviour},
 volume = {24},
 pages = {139--180},
 year = {2002},
 }
% Disorganization theory and disorganizational behavior: Towards an etiology of messes 
% Abrahamson E
% RESEARCH IN ORGANIZATIONAL BEHAVIOR, VOL 24
% RESEARCH IN ORGANIZATIONAL BEHAVIOR
% 24: 139-180 2002

%%%%%%%%%
% Bälter
%%%%%%%%%
@inproceedings{ob:00,
 author = {Olle Balter},
 title = {Keystroke level analysis of email message organization},
 booktitle = {Proceedings of the SIGCHI conference on Human factors in computing systems},
 year = {2000},
 pages = {105--112},
 location = {The Hague, The Netherlands},
 doi = {http://doi.acm.org/10.1145/332040.332413},
 publisher = {ACM Press},
 }
% Olle Bälter, Keystroke level analysis of email message organization, Proceedings of the SIGCHI conference on Human factors in computing systems, p.105-112, April 01-06, 2000, The Hague, The Netherlands 


@inproceedings{ob:97,
 author = {Olle Balter},
 title = {Strategies for organising email messages},
 booktitle = {Proceedings of the HCI '97 conference on People and Computers XII},
 year = {1997},
 pages = {21--38},
  location = {Bristol, UK},
 publisher = {Springer},
 }
% Balter O. (1997): Strategies for organising email messages, in Proceedings of HCI'97, Springer, London, United Kingdom, pp 21-38. 





%%%%%%%%%%%%%
% Bergman
%%%%%%%%%%%%%
@article{Bergman:03,
 author = {Ofer Bergman and Ruth Beyth-Marom and Rafi Nachmias},
 title = { The User-Subjective Approach to Personal Information Management Systems},
 journal = {Journal of the American Society for Information Science and Technology},
 volume = {54},
 number = {9},
 year = {2003},
 }
%Bergman, O, Beyth-Marom, R., Nachmias, R, The User-Subjective Approach to Personal Information Management Systems, to appear in JASIS, 2003
%http://www.nastypixel.com/projects/synopsus/Homepage/



%%%%%%%%%%%%%%%%%%%
% CLASSIFICATION
%%%%%%%%%%%%%%%%%%%
@book{bs:99,
      author={Geoffrey~C. Bowker and Susan~Leigh Star},
      title={Sorting things out: Classification and its consequences},
      year={1999},
      address={Cambridge},
      publisher={MIT Press}
}
% Bowker, G.C., and Star, S.L., "Sorting things out: classification and its consequences", published by MIT Press, Cambridge (MA), 1999.
%
% Margolis, E., and Laurence, S., "Concepts (Core Readings)", Introductory chapter, published by MIT Press, Cambridge, MA, 1999.
%
@incollection{er:78,
  AUTHOR = {E. Rosch},
  TITLE = {Principles of Categorization},
  YEAR = 1978,
  BOOKTITLE = {Cognition and Categorization},
  EDITOR = {Rosch, E. and Lloyd, B.},
  PUBLISHER = {Erlbaum},
  ADDRESS = {Hillsdale, NJ},
}
% PAGES = {312-322},

% Rosch, E, "Principles of Categorization", in Rosch, E. and Lloyd, B. (Eds.), Cognition and Categorization, Erlbaum, Hillsdale, NJ, 1978.
%
% Lakoff, George. Women, Fire and Dangerous Tldngs. Chicago: U.. of Chicago Press; I987. 
%
@BOOK{ek:90,
  AUTHOR = {M.~W.~Eysenck and M.~T.~Keane},
  TITLE = {Cognitive Psychology: A Student's Handbook},
  PUBLISHER = {Lawrence Erlbaum},
  YEAR = {1990}
}
% Cog Psych book
% Eysenck and Keane Cognitive Psychology. Hillsd~e, NJ: Lawrence 1990 Erlbaum Associates. 
% Michael Eysenck, Mark T. Keane , Cognitive Psychology: A Student's Handbook, 4th Edition, Psychology Press, 2000. Chapter 9 - Objects, Concepts and Categories

@article{jacob:01,
 author = {Elin Jacob},
 title = {The Everyday World of Work: Two Approaches to the Investigation of Classification in Context},
 journal = {Journal of Documentation},
 volume = {57},
 number = {3},
 year = {2001},
 }
% Jacob, Elin K., "The Everyday World of Work: Two Approaches to the Investigation of Classification in Context," Journal of Documentation, 57(1):76-99. 2001

@article{Barsalou:83,
 author = {L. W. Barsalou},
 title = {Ad hoc categories},
 journal = {Memory and Cognition},
 volume = {11},
 year = {1983},
 }
 % Barsalou, L.W. (1983). Ad hoc categories. Memory & Cognition, 11, 211-227.


%



%%%%%%%%%%
% CSCW
%%%%%%%%%%
%
% Bannon and Bodker - shared information spaces
%
%%%%%%%%%%%%%%%%%%%%
% Gerhard Fischer
%%%%%%%%%%%%%%%%%%%%
% stuff on reflective propertioes of computational environments

%%%%%%%%%
% DC - KIRSH
%%%%%%%%%
@article{dk:00,
 author = {David Kirsh},
 title = {A few thoughts on cognitive overload},
 journal = {Intellectica},
 volume = {30},
 year = {2000},
 }
% Kirsh, D. A few thoughts on cognitive overload, Intellectica 30 (2000)

@article{dk:01,
 author = {David Kirsh},
 title = {The Context of Work},
 journal = {Human Computer Interaction},
 volume = {16},
 year = {2001},
 }
% Kirsh, D. (2001). The Context of Work, 16, Human Computer Interaction,




%%%%%%%%%
% DIX
%%%%%%%%%
@inproceedings{dix:98,
 author = {Alan Dix and Julie Wilkinson and Devina Ramduny},
 title = {Redefining Organisational Memory - artefacts, and the distribution and coordination of work},
 booktitle = {Workshop on Understanding work and designing artefacts},
 year = {1998},
 location = {York, UK}
 }
% Alan Dix, Julie Wilkinson, Devina Ramduny (1998).  Redefining Organisational Memory - artefacts, and the distribution and coordination of work, Workshop on Understanding work and designing artefacts, York, 21st September 1998. extended abstract
%
% A. Dix, D. Ramduny and J. Wilkinson (1998).  Interaction in the Large,  Interacting with Computers - Special Issue on Temporal Aspects of Usability, John Fabre and Steve Howard (eds). 11(1) pp. 9-32.  abstract || full paper
%



%%%%%%%%%%%%%%%%%%%%%%%%%
% INFORMATION FORAGING
%%%%%%%%%%%%%%%%%%%%%%%%%
@inproceedings{pp:95,
 author = {Peter Pirolli and Stuart Card},
 title = {Information foraging in information access environments},
 booktitle = {Proceedings of the SIGCHI conference on Human factors in computing systems},
 year = {1995},
 pages = {51--58},
 location = {Denver, Colorado, United States},
 publisher = {ACM Press/Addison-Wesley Publishing Co.},
 }
% Peter Pirolli , Stuart Card, Information foraging in information access environments, Proceedings of the SIGCHI conference on Human factors in computing systems, p.51-58, May 07-11, 1995, Denver, Colorado, United States 
%
% Ed H. Chi , Peter Pirolli , Kim Chen , James Pitkow, Using information scent to model user information needs and actions and the Web, Proceedings of the SIGCHI conference on Human factors in computing systems, p.490-497, March 2001, Seattle, Washington, United States 
%
% Peter Pirolli, Exploring browser design trade-offs using a dynamical model of optimal information foraging, Proceedings of the SIGCHI conference on Human factors in computing systems, p.33-40, April 18-23, 1998, Los Angeles, California, United States 
%
@article{pirolli:99,
 author = {Peter Pirolli and Stuart Card},
 title = {Information foraging},
 journal = {Psychological Review},
 volume = {106},
 pages = {643--675},
 year = {1999},
 }
% Pirolli P, Card SK. 1999. Information foraging. Psychol. Rev. 106:643–675





%%%%%%%%%%%%%%%%%%%%%%%%
% INFORMATION SCIENCE
%%%%%%%%%%%%%%%%%%%%%%%%
% Wilson, T. (1996) Information behaviour: an interdisciplinary perspective, A report to the British Library Research & Innovation Centre on a review of the literature. [Online] Available: http://informationr.net/tdw/publ/infbehav/prelims.html.

@article{wilson:99,
 author = {Tom Wilson},
 title = {Models in Information Behaviour Research},
 journal = {Journal of Documentation},
 volume = {55},
 number = {3},
 year = {1999},
 }
% Wilson, T. (1999) Models of information behaviour research. Journal of Documentation, 55(3), pp. 249-270.

@article{wilson:00,
 author = {Tom Wilson},
 title = {Human Information Behaviour},
 journal = {Informing Science (special issue on Information Science Research)},
 volume = {3},
 number = {2},
 year = {2000},
 }
 % Wilson, T. (2000) Human information behavior. Informing Science, 3(2) (special issue on information science research), pp. 49-55.
 
% Wilson, Information Behaviour, 2000
% Journal of Documentation Vol 57, No 1, January 2001 in honour of Tom Wilson

@inproceedings{wilson:02a,
 author = {Tim Wilson},
 title = {Definition of Information Management},
 booktitle = {International Encyclopedia of Information and Library Science},
 year = {2002},
 editor  = {John Feather and Paul Sturges},
 publisher = {London: Routledge},
 }
% 'Information management' in the International Encyclopedia of Information and Library Science, 2nd ed. Edited by John Feather and Paul Sturges. London: Routledge, 2002
% http://informationr.net/tdw/publ/papers/encyclopedia_entry.html

@article{wilson:02b,
 author = {Tom Wilson},
 title = {The nonsense of ``knowledge management''},
 journal = {Information Research},
 volume = {8},
 number = {1},
 year = {2002},
 }
% Wilson, T.D. (2002) "The nonsense of 'knowledge management'", Information Research, 8(1), paper no. 144   [Available at http://InformationR.net/ir/8-1/paper144.html]

% Wilson, T.D. Ford, N. Ellis, D. Foster, A. & Spink, A. (2002) Information seeking and mediated searching. Part 2. Uncertainty and its correlates. Journal of the American Society for Information Science and Technology,  53(9), pp. 704-715.

% Marcia J. Bates, After the Dot-Bomb: Getting Web Information Retrieval Right This Time, First Monday, volume 7, number 7 (July 2002), http://www.firstmonday.org/issues/issue7_7/
% http://www.gseis.ucla.edu/faculty/bates/#pub
% Lessons that can be learned from information science by web IR systems
% eg1. hierarchical -> faceted (relational) classification
%ontology bad term - use concept clusters, classification, thesaurus
%
% Definition of information/document
% buckland, losee
%
% Carlyle "Developing Organized Information Displays for Voluminous Works: A Study of User Clustering Behavior." Information Processing & Management, 35, 5 (July 2001):  677-699 (In press). 
%
% "User Categorisation of Works: Toward Improved Organisation of Online Catalogue Displays." Journal of Documentation, 55, 2 (March 1999):184-208.  [html]
% http://www.ischool.washington.edu/acarlyle/
%
% Buckland, Michael.  "What is a Document?" Journal of the American Society for Information Science.  1997.

%%%%%%%%%%%%%
% LANSDALE
%%%%%%%%%%%%%
@article{ml:88,
  author = {Mark Lansdale},
  title = {The Psychology of Personal Information Management},
  year = 1988,
  journal = {Applied Ergonomics},
  volume = {19},
  number = {1},
  pages = {55--66},
}
% Lansdale, M. The Psychology of Personal Information Management. Applied Ergonomics, 19, 1, 55-66, 1988.
@article{ml:92,
 author = {Mark Lansdale and Ernest Edmonds},
 title = {Using memory for events in the design of personal filing systems},
 journal = {International Journal of Man-Machine Studies},
 volume = {36},
 number = {1},
 year = {1992},
 pages = {97--126},
 }
% Lansdale, M., Edmonds, E., "Using Memory for Events in the Design of Personal Filing Systems", International Journal of Man-Machine Studies, v.36 n.1 p.97-126, 1992.
%
%Lansdale, M.W., Simpson, M. and Stroud, T.R.M., "A Comparison of Words and Icons as External Memory Aids in an Information Retrieval Task". Behaviour and Information Technology, 9, (2) 1990, pp. 111-131. 
%
%Lansdale, M.W. "On the memorability of Icons in an Information Retrieval Task" Behaviour and Information Technology, 7 (2) 1988, 131-151. 


%%%%%%%%%%%%%%%
% Marchionini
%%%%%%%%%%%%%%%
@book{marchionini:95,
 author = {Gary Marchionini},
 title = {Information seeking in electronic environments},
 year = {1995},
 publisher = {Cambridge University Press},
 }
% Information Seeking in electronic environments book
%
% Marchionini G, Komlodi A Design of interfaces for information seeking ANNU REV INFORM SCI 33: 89-130 1998 




%%%%%%%%%%
% RTA
%%%%%%%%%%
% Whittaker, S., Terveen, L., and Nardi, B. (2000). Let's stop pushing the envelope and start addressing it: a reference task agenda for HCI. Human Computer Interaction, 15, 75-106. 
