% %%%%%%%%%
% TEST REFS
% %%%%%%%%%

@ARTICLE{rb:02, 
author = {Isaac Newton and Naomi Campbell}, 
title = {A Re-formulation of the Laws of Gravity with Respect to Really Cool Models}, 
journal = {Phys. Rev. Lett.}, 
volume = 152, 
year = 1999,
pages = {1--1023} 
} 

%%%%%%%%%%%%
% BACKGROUND
%%%%%%%%%%%%

