Richard Keeble	Brunel		1999
Kerry Rodden	Cambridge	2002?
van Welie	NL		?
Takkinen			?
Balter				?
Adams		UCL		2001
Weiss-Lijn	UCL		2003
McGrenerere	Toronto		2002
Takkinen	Linkoping	2002


Leysia Palen (1998).
http://www.cs.colorado.edu/~palen/
Calendars on the New Frontier: Challenges of Groupware Technology. Dissertation, Information & Computer Science, University of California, Irvine.

Jay Budzik
http://watson.infolab.northwestern.edu/fellowship/budzik-thesis.pdf

PIM PhDs
* Bergman, Israel
* Gwizdka, Toronto
* Sarah Henderson, Auckland
* Jakob Eg Larsen, DK http://www.cti.dtu.dk/personal/jlarsen/